@article{Bachraoui,
author = {El Bachraoui, Mohamed},
year = {2006},
month = {01},
pages = {},
title = {Primes in the interval [2n,3n]},   
volume = {1},
journal = {International Journal of Contemporary Mathematical Sciences}
}
@misc{shevelev2012intervals,
    title={On intervals (kn,(k+1)n) containing a prime for all n>1},
    author={Vladimir Shevelev and Charles R. Greathouse IV and Peter J. C. Moses},
    year={2012},
    eprint={1212.2785},
    archivePrefix={arXiv},
    primaryClass={math.NT}
}